%%WORK CITATIONS%%
%OPTICS HECHT
@book{hecht1987optics,
  title={Optics: light for a new age},
  author={Hecht, Jeff},
  year={1987},
  publisher={Jeff Hecht}
}

%MODERN OPTICS GUENTHER
@book{guenther2015modern,
  title={Modern optics},
  author={Guenther, Bob D},
  year={2015},
  publisher={OUP Oxford}
}

%MAXWELLS EQUATION
@book{maxwell1954electricity,
  title={Electricity and magnetism},
  author={Maxwell, James Clerk},
  volume={2},
  year={1954},
  publisher={Dover New York}
}

%POINCARE SPHERE
@article{figpoincare,
  title={Swings and roundabouts: optical Poincar√© spheres for polarization and Gaussian beams},
  author={Dennis MR, Alonso MA},
  journal={royalsocietypublishing},
  year={2017},
  publisher={IEEE}
}