%%WORK CITATIONS%%
@misc{Pol-Figure,
	author = {CODIXX},
	year={2020},
	title = {{Polarization, a basic explanation.}},
	url = {https://www.codixx.de/en/knowledge-corner/polarization}
}

@book{guenther2015modern,
  title={Modern optics},
  author={Guenther, Bob D},
  year={2015},
  publisher={OUP Oxford}
}

@article{figpoincare,
  title={Swings and roundabouts: optical Poincar√© spheres for polarization and Gaussian beams},
  author={Dennis MR, Alonso MA},
  journal={royalsocietypublishing},
  year={2017},
  publisher={IEEE}
}